% This file was created with JabRef 2.3.1.
% Encoding: ISO8859_1

@TECHREPORT{3GPPTS36.101,
  author = {3GPP},
  title = {User Equipment (UE) radio transmission and reception},
  institution = {3GPP},
  year = {2009},
  type = {Technical Specification},
  number = {36.101-V8.6.0},
  month = jun,
  owner = {kaltenbe},
  timestamp = {2010.07.26}
}

@TECHREPORT{3GPPTS36.211,
  author = {3GPP},
  title = {Physical Channels and Modulation},
  institution = {3GPP},
  year = {2009},
  type = {Technical Specification},
  number = {36.211-V8.6.0},
  month = sep,
  owner = {kaltenbe},
  timestamp = {2010.07.26}
}

@TECHREPORT{3GPPTS36.212,
  author = {3GPP},
  title = {Multiplexing and channel coding},
  institution = {3GPP},
  year = {2009},
  type = {Technical Specification},
  number = {36.212-V8.6.0},
  month = sep,
  owner = {kaltenbe},
  timestamp = {2010.07.26}
}

@TECHREPORT{3GPPTS36.213,
  author = {3GPP},
  title = {Physical layer procedures},
  institution = {3GPP},
  year = {2009},
  type = {Technical Specification},
  number = {36.213-V8.6.0},
  month = sep,
  owner = {kaltenbe},
  timestamp = {2010.07.26}
}

@MISC{measurements_spec,
  author = {EURECOM},
  title = {Measurement Methodology and Post Processing for {LTE} Evaluation},
  year = {2010},
  owner = {kaltenbe},
  timestamp = {2010.07.26},
  url = {https://bscw.eurecom.fr/bscw/bscw.cgi/d142612/Measurement%20Methodology%20and%20Post%20Processing.doc}
}

@MISC{nomadic,
  author = {EURECOM},
  title = {Nomadic Mesurements Evalutation},
  year = {2010},
  owner = {kaltenbe},
  timestamp = {2010.08.25},
  url = {https://bscw.eurecom.fr/bscw/bscw.cgi/d181824/nomadic_results_all_sites.xls}
}

@MISC{test_plan,
  author = {EURECOM},
  title = {Test Plan},
  year = {2010},
  owner = {kaltenbe},
  timestamp = {2010.07.26},
  url = {https://bscw.eurecom.fr/bscw/bscw.cgi/d140202/Test%20Plan.docx}
}

@INPROCEEDINGS{ghaffar10b,
  author = { Ghaffar, R. and Knopp, R.},
  title = {Making {M}ultiuser {MIMO} work for {LTE}},
  booktitle = { IEEE 21-st International Symposium on Personal, Indoor and Mobile
	Radio Communications (PIMRC 2010)},
  year = {2010},
  address = {Istanbul},
  month = {September},
  owner = {kaltenbe},
  timestamp = {2010.10.11}
}

@ARTICLE{Greenstein1999,
  author = {Greenstein, L.J. and Michelson, D.G. and Erceg, V.},
  title = {Moment-method estimation of the {R}icean {K}-factor},
  journal = {IEEE Communication Letters},
  year = {1999},
  volume = {3},
  pages = {175--176},
  number = {6},
  doi = {10.1109/4234.769521},
  issn = {1089-7798},
  keywords = {Rician channels, parameter estimation, radio links, radiowave propagation,
	signal processing, statistical analysis, time series, Ricean K-factor,
	Ricean distribution, empirical distributions, exact function, fixed
	wireless paths, measured power, moment-method estimation, radio propagation
	environments, received signal, time-series data, time-varying envelope},
  owner = {kaltenbe},
  timestamp = {2008.05.09}
}

@MISC{ambialet_desc,
  author = {SOGETI},
  title = {Descriptif du site et de l'installation d'Ambialet},
  year = {2010},
  owner = {kaltenbe},
  timestamp = {2010.07.26},
  url = {https://bscw.eurecom.fr/bscw/bscw.cgi/d143506/Descriptif%20du%20site%20et%20de%20l%27installation%20d%27Ambialet.doc}
}

@MISC{cordes_desc,
  author = {SOGETI},
  title = {Descriptif du site et de l'installation de Cordes},
  year = {2010},
  owner = {kaltenbe},
  timestamp = {2010.07.26},
  url = {https://bscw.eurecom.fr/bscw/bscw.cgi/d143506/Descriptif%20du%20site%20et%20de%20l%27installation%20d%27Cordes.doc}
}

@MISC{measurements_spreadsheet,
  author = {SOGETI},
  title = {Base des tests réalisés},
  year = {2010},
  owner = {kaltenbe},
  timestamp = {2010.07.26},
  url = {https://bscw.eurecom.fr/bscw/bscw.cgi/d156195/Base%20des%20tests%20r%c3%a9alis%c3%a9s.xls}
}

@MISC{penne_desc,
  author = {SOGETI},
  title = {Descriptif du site et de l'installation de Penne},
  year = {2010},
  owner = {kaltenbe},
  timestamp = {2010.07.26},
  url = {https://bscw.eurecom.fr/bscw/bscw.cgi/d143506/Descriptif%20du%20site%20et%20de%20l%27installation%20d%27Penne.doc}
}

@TECHREPORT{IEEE802.16m_EMD,
  author = {Roshni Srinivasan and Jeff Zhuang and Louay Jalloul and Robert Novak
	and Jeongho Park},
  title = {IEEE 802.16m Evaluation Methodology Document (EMD)},
  institution = {IEEE},
  year = {2009},
  owner = {kaltenbe},
  timestamp = {2010.08.31}
}

@BOOK{cost231,
  title = {Digital Mobile Radio Towards Future Generation Systems},
  publisher = {European Commission},
  year = {1999},
  editor = {E. Damosso and L.M. Correia},
  owner = {kaltenbe},
  timestamp = {2010.07.29}
}

@comment{jabref-meta: selector_publisher:}

@comment{jabref-meta: selector_author:}

@comment{jabref-meta: selector_journal:}

@comment{jabref-meta: selector_keywords:}

